
@article{Rusk2018,
	title = {The UK Biobank},
	author = {Rusk, Nicole},
	year = {2018},
	month = {11},
	date = {2018-11-30},
	journal = {Nature Methods},
	pages = {1001--1001},
	volume = {15},
	number = {12},
	doi = {10.1038/s41592-018-0245-2},
	url = {http://dx.doi.org/10.1038/s41592-018-0245-2},
	langid = {en}
}

@article{liu2023a,
	title = {Associations between food groups and liver cancer: a systematic review and meta-analysis of observational studies},
	author = {Liu, Ke and Chen, Weiwei and Zhou, Yi and Xu, Liuhong and Sun, Xiaohui and Mao, Yingying and Ye, Ding},
	year = {2023},
	month = {06},
	date = {2023-06-22},
	journal = {Nutrition Journal},
	volume = {22},
	number = {1},
	doi = {10.1186/s12937-023-00858-5},
	url = {http://dx.doi.org/10.1186/s12937-023-00858-5},
	langid = {en}
}

@article{sudlow2015,
	title = {UK Biobank: An Open Access Resource for Identifying the Causes of a Wide Range of Complex Diseases of Middle and Old Age},
	author = {Sudlow, Cathie and Gallacher, John and Allen, Naomi and Beral, Valerie and Burton, Paul and Danesh, John and Downey, Paul and Elliott, Paul and Green, Jane and Landray, Martin and Liu, Bette and Matthews, Paul and Ong, Giok and Pell, Jill and Silman, Alan and Young, Alan and Sprosen, Tim and Peakman, Tim and Collins, Rory},
	year = {2015},
	month = {03},
	date = {2015-03-31},
	journal = {PLOS Medicine},
	pages = {e1001779},
	volume = {12},
	number = {3},
	doi = {10.1371/journal.pmed.1001779},
	url = {http://dx.doi.org/10.1371/journal.pmed.1001779},
	langid = {en}
}

@article{piernas2021,
	title = {Describing a new food group classification system for UK biobank: analysis of food groups and sources of macro- and micronutrients in 208,200 participants},
	author = {Piernas, Carmen and Perez-Cornago, Aurora and Gao, Min and Young, Heather and Pollard, Zoe and Mulligan, Angela and Lentjes, Marleen and Carter, Jennifer and Bradbury, Kathryn and Key, Tim J. and Jebb, Susan A.},
	year = {2021},
	month = {03},
	date = {2021-03-25},
	journal = {European Journal of Nutrition},
	pages = {2879--2890},
	volume = {60},
	number = {5},
	doi = {10.1007/s00394-021-02535-x},
	url = {http://dx.doi.org/10.1007/s00394-021-02535-x},
	langid = {en}
}

@article{Liu2011,
	title = {Development and evaluation of the Oxford WebQ, a low-cost, web-based method for assessment of previous 24 h dietary intakes in large-scale prospective studies},
	author = {Liu, Bette and Young, Heather and Crowe, Francesca L and Benson, Victoria S and Spencer, Elizabeth A and Key, Timothy J and Appleby, Paul N and Beral, Valerie},
	year = {2011},
	month = {06},
	date = {2011-06-01},
	journal = {Public Health Nutrition},
	pages = {1998--2005},
	volume = {14},
	number = {11},
	doi = {10.1017/s1368980011000942},
	url = {http://dx.doi.org/10.1017/S1368980011000942},
	langid = {en}
}

@article{Greenwood2019,
	title = {Validation of the Oxford WebQ Online 24-Hour Dietary Questionnaire Using Biomarkers},
	author = {Greenwood, Darren C and Hardie, Laura J and Frost, Gary S and Alwan, Nisreen A and Bradbury, Kathryn E and Carter, Michelle and Elliott, Paul and Evans, Charlotte E L and Ford, Heather E and Hancock, Neil and Key, Timothy J and Liu, Bette and Morris, Michelle A and Mulla, Umme Z and Petropoulou, Katerina and Potter, Gregory D M and Riboli, Elio and Young, Heather and Wark, Petra A and Cade, Janet E},
	year = {2019},
	month = {07},
	date = {2019-07-18},
	journal = {American Journal of Epidemiology},
	pages = {1858--1867},
	volume = {188},
	number = {10},
	doi = {10.1093/aje/kwz165},
	url = {http://dx.doi.org/10.1093/aje/kwz165},
	langid = {en}
}

@article{Ibsen2021,
	title = {Food substitution models for nutritional epidemiology},
	author = {Ibsen, Daniel B and Laursen, Anne Sofie D and {WÃ¼rtz}, Anne Mette L and Dahm, Christina C and Rimm, Eric B and Parner, Erik T and Overvad, Kim and Jakobsen, Marianne U},
	year = {2021},
	month = {02},
	date = {2021-02},
	journal = {The American Journal of Clinical Nutrition},
	pages = {294--303},
	volume = {113},
	number = {2},
	doi = {10.1093/ajcn/nqaa315},
	url = {http://dx.doi.org/10.1093/ajcn/nqaa315},
	langid = {en}
}
