@misc{protocol,
  author       = {Niels Bock and
                  Fie Langmann and
                  Daniel Borch Ibsen and
                  Luke W. Johnston and
                  Christina Catherine Dahm},
  title        = {{Protocol: Legume consumption and risk of primary
                   liver cancer}},
  month        = jun,
  year         = 2024,
  publisher    = {Zenodo},
  doi          = {10.5281/zenodo.11670569},
  url          = {https://doi.org/10.5281/zenodo.11670569}
}

@article{leutnant_stormwater_2016,
	title = {Stormwater {Pollutant} {Process} {Analysis} with {Long}-{Term} {Online} {Monitoring} {Data} at {Micro}-{Scale} {Sites}},
	volume = {8},
	issn = {2073-4441},
	url = {http://www.mdpi.com/2073-4441/8/7/299},
	doi = {10.3390/w8070299},
	language = {en},
	number = {7},
	urldate = {2016-07-21},
	journal = {Water},
	author = {Leutnant, Dominik and Muschalla, Dirk and Uhl, Mathias},
	month = jul,
	year = {2016},
	note = {00000},
	pages = {299}
}

@book{gujer_systems_2008,
	address = {Berlin, Heidelberg, Germany},
	title = {Systems {Analysis} for {Water} {Technology}},
	isbn = {978-3-540-77277-4},
	shorttitle = {Systems {Analysis} for {Water} {Technology}},
	publisher = {Springer-Verlag},
	author = {Gujer, W.},
	year = {2008}
}

@article{bertrand-krajewski_distribution_1998,
	title = {Distribution of pollutant mass vs volume in stormwater discharges and the first flush phenomenon},
	volume = {32},
	shorttitle = {Distribution of pollutant mass vs volume in stormwater discharges and the first flush phenomenon},
	url = {http://www.scopus.com/inward/record.url?eid=2-s2.0-0032146023&partnerID=40&md5=d6517b6efa014bc12f3ae70abe71977d},
	number = {8},
	journal = {Water Research},
	author = {Bertrand-Krajewski, J. L. and Chebbo, G. and Saget, A.},
	year = {1998},
	keywords = {Combined sewer system, First flush, Pollutant load distribution, Separate sewer system, Storage and treatment tanks, Stormwater discharges, Suspended Solids},
	pages = {2341--2356}
}


%% Journal article
@article{bib1,
  author		= "Campbell, S. L. and Gear, C. W.",
  title			= "The index of general nonlinear {D}{A}{E}{S}",
  journal		= "Numer. {M}ath.",
  volume		= "72",
  number		= "2",
  pages			= "173--196",
  year			= "1995"
}

%% Journal article with DOI
@article{bib2,
  author		= "Slifka, M. K. and Whitton, J. L.",
  title			= "Clinical implications of dysregulated cytokine production",
  journal		= "J. {M}ol. {M}ed.",
  volume		= "78",
  pages			= "74--80",
  year			= "2000",
  doi			= "10.1007/s001090000086"
}

@misc{RN113,
   author = {{UK Biobank}},
   title = {Order of Data Collection},
   publisher = {UK Biobank},
   note = {Accessed 21 May 2024},
   url = {https://biobank.ndph.ox.ac.uk/ukb/ukb/docs/Orderofdatacollection.pdf},
   year = {2011},
   type = {Web Page}
}

@misc{RN114,
   author = {{UK Biobank}},
   title = {Data providers and dates of data availability},
   publisher = {UK Biobank},
   note = {Accessed 21 May 2024},
   url = {https://biobank.ndph.ox.ac.uk/ukb/exinfo.cgi?src=Data_providers_and_dates},
   year = {2023},
   type = {Web Page}
}

@misc{RN115,
   author = {{UK Biobank}},
   title = {24-hour dietary recall questionnaire (Oxford WebQ)},
   publisher = {UK Biobank},
   note = {Accessed 21 May 2024},
   url = {https://biobank.ndph.ox.ac.uk/showcase/ukb/docs/DietWebQ.pdf},
   year = {2024},
   type = {Web Page}
}

@misc{RN112,
   author = {{UK Biobank}},
   title = {Health Outcomes Overview},
   publisher = {UK Biobank},
   note = {Accessed 21 May 2024},
   url = {https://biobank.ndph.ox.ac.uk/showcase/ukb/docs/HealthOutcomesOverview.pdf},
   year = {2024},
   type = {Web Page}
}

@article{Rusk2018,
	title = {The UK Biobank},
	author = {Rusk, Nicole},
	year = {2018},
	month = {11},
	date = {2018-11-30},
	journal = {Nature Methods},
	pages = {1001--1001},
	volume = {15},
	number = {12},
	doi = {10.1038/s41592-018-0245-2},
	langid = {en}
}

@article{liu2023a,
	title = {Associations between food groups and liver cancer: a systematic review and meta-analysis of observational studies},
	author = {Liu, Ke and Chen, Weiwei and Zhou, Yi and Xu, Liuhong and Sun, Xiaohui and Mao, Yingying and Ye, Ding},
	year = {2023},
	month = {06},
	date = {2023-06-22},
	journal = {Nutrition Journal},
	volume = {22},
	number = {1},
	doi = {10.1186/s12937-023-00858-5},
	langid = {en}
}

@article{sudlow2015,
	title = {UK Biobank: An Open Access Resource for Identifying the Causes of a Wide Range of Complex Diseases of Middle and Old Age},
	author = {Sudlow, Cathie and Gallacher, John and Allen, Naomi and Beral, Valerie and Burton, Paul and Danesh, John and Downey, Paul and Elliott, Paul and Green, Jane and Landray, Martin and Liu, Bette and Matthews, Paul and Ong, Giok and Pell, Jill and Silman, Alan and Young, Alan and Sprosen, Tim and Peakman, Tim and Collins, Rory},
	year = {2015},
	month = {03},
	date = {2015-03-31},
	journal = {PLOS Medicine},
	pages = {e1001779},
	volume = {12},
	number = {3},
	doi = {10.1371/journal.pmed.1001779},
	langid = {en}
}

@article{piernas2021,
	title = {Describing a new food group classification system for UK biobank: analysis of food groups and sources of macro- and micronutrients in 208,200 participants},
	author = {Piernas, Carmen and Perez-Cornago, Aurora and Gao, Min and Young, Heather and Pollard, Zoe and Mulligan, Angela and Lentjes, Marleen and Carter, Jennifer and Bradbury, Kathryn and Key, Tim J. and Jebb, Susan A.},
	year = {2021},
	month = {03},
	date = {2021-03-25},
	journal = {European Journal of Nutrition},
	pages = {2879--2890},
	volume = {60},
	number = {5},
	doi = {10.1007/s00394-021-02535-x},
	langid = {en}
}

@article{Liu2011,
	title = {Development and evaluation of the Oxford WebQ, a low-cost, web-based method for assessment of previous 24 h dietary intakes in large-scale prospective studies},
	author = {Liu, Bette and Young, Heather and Crowe, Francesca L and Benson, Victoria S and Spencer, Elizabeth A and Key, Timothy J and Appleby, Paul N and Beral, Valerie},
	year = {2011},
	month = {06},
	date = {2011-06-01},
	journal = {Public Health Nutrition},
	pages = {1998--2005},
	volume = {14},
	number = {11},
	doi = {10.1017/s1368980011000942},
	langid = {en}
}

@article{Greenwood2019,
	title = {Validation of the Oxford WebQ Online 24-Hour Dietary Questionnaire Using Biomarkers},
	author = {Greenwood, Darren C and Hardie, Laura J and Frost, Gary S and Alwan, Nisreen A and Bradbury, Kathryn E and Carter, Michelle and Elliott, Paul and Evans, Charlotte E L and Ford, Heather E and Hancock, Neil and Key, Timothy J and Liu, Bette and Morris, Michelle A and Mulla, Umme Z and Petropoulou, Katerina and Potter, Gregory D M and Riboli, Elio and Young, Heather and Wark, Petra A and Cade, Janet E},
	year = {2019},
	month = {07},
	date = {2019-07-18},
	journal = {American Journal of Epidemiology},
	pages = {1858--1867},
	volume = {188},
	number = {10},
	doi = {10.1093/aje/kwz165},
	langid = {en}
}

@article{Ibsen2021,
	title = {Food substitution models for nutritional epidemiology},
	author = {Ibsen, Daniel B and Laursen, Anne Sofie D and {Würtz}, Anne Mette L and Dahm, Christina C and Rimm, Eric B and Parner, Erik T and Overvad, Kim and Jakobsen, Marianne U},
	year = {2021},
	month = {02},
	date = {2021-02},
	journal = {The American Journal of Clinical Nutrition},
	pages = {294--303},
	volume = {113},
	number = {2},
	doi = {10.1093/ajcn/nqaa315},
	langid = {en}
}

@article{Thompson2023,
	title = {Association of Healthful Plant-based Diet Adherence With Risk of Mortality and Major Chronic Diseases Among Adults in the UK},
	author = {Thompson, Alysha S. and Tresserra-Rimbau, Anna and Karavasiloglou, Nena and Jennings, Amy and Cantwell, Marie and Hill, Claire and Perez-Cornago, Aurora and Bondonno, Nicola P. and Murphy, Neil and Rohrmann, Sabine and Cassidy, {Aedín} and {Kühn}, Tilman},
	year = {2023},
	month = {03},
	date = {2023-03-28},
	journal = {JAMA Network Open},
	pages = {e234714},
	volume = {6},
	number = {3},
	doi = {10.1001/jamanetworkopen.2023.4714},
	langid = {en}
}

@article{Heianza2021,
	title = {Healthful plant-based dietary patterns, genetic risk of obesity, and cardiovascular risk in the UK biobank study},
	author = {Heianza, Yoriko and Zhou, Tao and Sun, Dianjianyi and Hu, Frank B. and Qi, Lu},
	year = {2021},
	month = {07},
	date = {2021-07},
	journal = {Clinical Nutrition},
	pages = {4694--4701},
	volume = {40},
	number = {7},
	doi = {10.1016/j.clnu.2021.06.018},
	langid = {en}
}

@article{Satija2017,
	title = {Healthful and Unhealthful Plant-Based Diets and the Risk of Coronary Heart Disease in U.S. Adults},
	author = {Satija, Ambika and Bhupathiraju, Shilpa N. and Spiegelman, Donna and Chiuve, Stephanie E. and Manson, JoAnn E. and Willett, Walter and Rexrode, Kathryn M. and Rimm, Eric B. and Hu, Frank B.},
	year = {2017},
	month = {07},
	date = {2017-07},
	journal = {Journal of the American College of Cardiology},
	pages = {411--422},
	volume = {70},
	number = {4},
	doi = {10.1016/j.jacc.2017.05.047},
	langid = {en}
}

@article{Satija2016,
	title = {Plant-Based Dietary Patterns and Incidence of Type 2 Diabetes in US Men and Women: Results from Three Prospective Cohort Studies},
	author = {Satija, Ambika and Bhupathiraju, Shilpa N. and Rimm, Eric B. and Spiegelman, Donna and Chiuve, Stephanie E. and Borgi, Lea and Willett, Walter C. and Manson, JoAnn E. and Sun, Qi and Hu, Frank B.},
	editor = {Moore, Steven C},
	year = {2016},
	month = {06},
	date = {2016-06-14},
	journal = {PLOS Medicine},
	pages = {e1002039},
	volume = {13},
	number = {6},
	doi = {10.1371/journal.pmed.1002039},
	langid = {en}
}

@inbook{gurinovic2017,
	title = {Nutritional Assessment},
	author = {{Gurinovi{\'{c}}}, Mirjana and {Zekovi{\'{c}}}, Milica and {Mile{\v{s}}evi{\'{c}}}, Jelena and {Nikoli{\'{c}}}, Marina and {Glibeti{\'{c}}}, Maria},
	year = {2017},
	date = {2017},
	publisher = {Elsevier},
	doi = {10.1016/b978-0-08-100596-5.21180-3}
}

@inbook{thompson2013,
	title = {Dietary Assessment Methodology},
	author = {Thompson, Frances E. and Subar, Amy F.},
	year = {2013},
	date = {2013},
	publisher = {Elsevier},
	pages = {5--46},
	doi = {10.1016/b978-0-12-391884-0.00001-9}
}

@article{Knuppel2020,
	title = {Meat intake and cancer risk: prospective analyses in UK Biobank},
	author = {Knuppel, Anika and Papier, Keren and Fensom, Georgina K and Appleby, Paul N and Schmidt, Julie A and Tong, Tammy Y N and Travis, Ruth C and Key, Timothy J and Perez-Cornago, Aurora},
	year = {2020},
	month = {08},
	date = {2020-08-20},
	journal = {International Journal of Epidemiology},
	pages = {1540--1552},
	volume = {49},
	number = {5},
	doi = {10.1093/ije/dyaa142},
	langid = {en}
}

@article{Di2023,
	title = {Association of meat consumption with the risk of gastrointestinal cancers: a systematic review and meta-analysis},
	author = {Di, Yan and Ding, Lei and Gao, Luying and Huang, Hongyan},
	year = {2023},
	month = {08},
	date = {2023-08-23},
	journal = {BMC Cancer},
	volume = {23},
	number = {1},
	doi = {10.1186/s12885-023-11218-1},
	langid = {en}
}

@article{Tomova2022,
	title = {Theory and performance of substitution models for estimating relative causal effects in nutritional epidemiology},
	author = {{Tomova}, {Georgia D} and {Gilthorpe}, {Mark S} and {Tennant}, {Peter WG}},
	year = {2022},
	month = {11},
	date = {2022-11},
	journal = {The American Journal of Clinical Nutrition},
	pages = {1379--1388},
	volume = {116},
	number = {5},
	doi = {10.1093/ajcn/nqac188},
	langid = {en}
}

@article{Wongjarupong2017,
	title = {Non-alcoholic fatty liver disease as a risk factor for cholangiocarcinoma: a systematic review and meta-analysis},
	author = {Wongjarupong, Nicha and Assavapongpaiboon, Buravej and Susantitaphong, Paweena and Cheungpasitporn, Wisit and Treeprasertsuk, Sombat and Rerknimitr, Rungsun and Chaiteerakij, Roongruedee},
	year = {2017},
	month = {12},
	date = {2017-12},
	journal = {BMC Gastroenterology},
	volume = {17},
	number = {1},
	doi = {10.1186/s12876-017-0696-4},
	langid = {en}
}

@article{corrao2020,
	title = {Nonalcoholic fatty liver disease is associated with intrahepatic cholangiocarcinoma and not with extrahepatic form: definitive evidence from meta-analysis and trial sequential analysis},
	author = {Corrao, Salvatore and Natoli, Giuseppe and Argano, Christiano},
	year = {2020},
	month = {02},
	date = {2020-02-21},
	journal = {Eur J Gastroenterol Hepatol},
	pages = {62--68},
	volume = {33},
	number = {1},
	doi = {10.1097/meg.0000000000001684},
	langid = {en}
}

@article{Khan2019,
	title = {Cholangiocarcinoma: Epidemiology and risk factors},
	author = {Khan, Shahid A. and Tavolari, Simona and Brandi, Giovanni},
	year = {2019},
	month = {03},
	date = {2019-03-24},
	journal = {Liver International},
	pages = {19--31},
	volume = {39},
	number = {S1},
	doi = {10.1111/liv.14095},
	langid = {en}
}

@article{kirstein2016,
	title = {Epidemiology and Risk Factors of Cholangiocarcinoma},
	author = {Kirstein, Martha M. and Vogel, Arndt},
	year = {2016},
	date = {2016},
	journal = {Visceral Medicine},
	pages = {395--400},
	volume = {32},
	number = {6},
	doi = {10.1159/000453013},
	langid = {en}
}

@article{Bergquist2015,
	title = {Epidemiology of cholangiocarcinoma},
	author = {Bergquist, Annika and von Seth, Erik},
	year = {2015},
	month = {04},
	date = {2015-04},
	journal = {Best Pract Res Clin Gastroenterol},
	pages = {221--232},
	volume = {29},
	number = {2},
	doi = {10.1016/j.bpg.2015.02.003},
	langid = {en}
}

@article{Massarweh2017,
	title = {Epidemiology of Hepatocellular Carcinoma and Intrahepatic Cholangiocarcinoma},
	author = {Massarweh, Nader N. and El-Serag, Hashem B.},
	year = {2017},
	month = {09},
	date = {2017-09-01},
	journal = {Cancer Control},
	pages = {107327481772924},
	volume = {24},
	number = {3},
	doi = {10.1177/1073274817729245},
	langid = {en}
}

@article{Younossi2016,
	title = {Global epidemiology of nonalcoholic fatty liver disease{\textemdash}Meta{-}analytic assessment of prevalence, incidence, and outcomes},
	author = {Younossi, Zobair M. and Koenig, Aaron B. and Abdelatif, Dinan and Fazel, Yousef and Henry, Linda and Wymer, Mark},
	year = {2016},
	month = {02},
	date = {2016-02-22},
	journal = {Hepatology},
	pages = {73--84},
	volume = {64},
	number = {1},
	doi = {10.1002/hep.28431},
	langid = {en}
}

@article{Younossi2020,
	title = {Epidemiology of chronic liver diseases in the USA in the past three decades},
	author = {Younossi, Zobair M and Stepanova, Maria and Younossi, Youssef and Golabi, Pegah and Mishra, Alita and Rafiq, Nila and Henry, Linda},
	year = {2019},
	month = {07},
	date = {2019-07-31},
	journal = {Gut},
	pages = {564--568},
	volume = {69},
	number = {3},
	doi = {10.1136/gutjnl-2019-318813},
	langid = {en}
}

@article{Estes2018,
	title = {Modeling the epidemic of nonalcoholic fatty liver disease demonstrates an exponential increase in burden of disease},
	author = {Estes, Chris and Razavi, Homie and Loomba, Rohit and Younossi, Zobair and Sanyal, Arun J.},
	year = {2017},
	month = {12},
	date = {2017-12-01},
	journal = {Hepatology},
	pages = {123--133},
	volume = {67},
	number = {1},
	doi = {10.1002/hep.29466},
	langid = {en}
}

@article{zhang2013,
	title = {Vegetable{-}based dietary pattern and liver cancer risk: Results from the Shanghai Women's and Men's Health Studies},
	author = {Zhang, Wei and Xiang, {Yong{-}Bing} and Li, {Hong{-}Lan} and Yang, Gong and Cai, Hui and Ji, {Bu{-}Tian} and Gao, {Yu{-}Tang} and Zheng, Wei and Shu, {Xiao{-}Ou}},
	year = {2013},
	month = {08},
	date = {2013-08-05},
	journal = {Cancer Science},
	pages = {1353--1361},
	volume = {104},
	number = {10},
	doi = {10.1111/cas.12231},
	url = {http://dx.doi.org/10.1111/cas.12231},
	langid = {en}
}

@article{yang2014,
	title = {Increased Intake of Vegetables, But Not Fruit, Reduces Risk for Hepatocellular Carcinoma: A Meta-analysis},
	author = {Yang, Yang and Zhang, Dan and Feng, Na and Chen, Guochong and Liu, Jianjiang and Chen, Guiping and Zhu, Yuan},
	year = {2014},
	month = {11},
	date = {2014-11},
	journal = {Gastroenterology},
	pages = {1031--1042},
	volume = {147},
	number = {5},
	doi = {10.1053/j.gastro.2014.08.005},
	url = {http://dx.doi.org/10.1053/j.gastro.2014.08.005},
	langid = {en}
}

@article{Liu2021,
	title = {Higher intake of whole grains and dietary fiber are associated with lower risk of liver cancer and chronic liver disease mortality},
	author = {Liu, Xing and Yang, Wanshui and Petrick, Jessica L. and Liao, Linda M. and Wang, Weibing and He, Na and Campbell, Peter T. and Zhang, Zuo-Feng and Giovannucci, Edward and McGlynn, Katherine A. and Zhang, Xuehong},
	year = {2021},
	month = {11},
	date = {2021-11-04},
	journal = {Nature Communications},
	volume = {12},
	number = {1},
	doi = {10.1038/s41467-021-26448-9},
	url = {http://dx.doi.org/10.1038/s41467-021-26448-9},
	langid = {en}
}

@article{viguiliouk2019,
	title = {Associations between Dietary Pulses Alone or with Other Legumes and Cardiometabolic Disease Outcomes: An Umbrella Review and Updated Systematic Review and Meta-analysis of Prospective Cohort Studies},
	author = {Viguiliouk, Effie and Glenn, Andrea J and Nishi, Stephanie K and Chiavaroli, Laura and Seider, Maxine and Khan, Tauseef and Bonaccio, Marialaura and Iacoviello, Licia and Mejia, Sonia Blanco and Jenkins, David J A and Kendall, Cyril W C and {Kahleová}, Hana and {Raheli{\'{c}}}, Dario and {Salas-Salvadó}, Jordi and Sievenpiper, John L},
	year = {2019},
	month = {11},
	date = {2019-11},
	journal = {Advances in Nutrition},
	pages = {S308--S319},
	volume = {10},
	doi = {10.1093/advances/nmz113},
	langid = {en}
}

@article{jin2022,
	title = {Nuts and legumes consumption and risk of colorectal cancer: a systematic review and meta-analysis},
	author = {Jin, Shaoyue and Je, Youjin},
	year = {2022},
	month = {05},
	date = {2022-05-27},
	journal = {European Journal of Epidemiology},
	pages = {569--585},
	volume = {37},
	number = {6},
	doi = {10.1007/s10654-022-00881-6},
	langid = {en}
}

@misc{RN71,
   author = {{UN}},
   title = {Food and Climate Change: Healthy diets for a healthier planet},
   publisher = {United Nations},
   url = {https://www.un.org/en/climatechange/science/climate-issues/food},
   type = {Web Page}
}

@article{Guo2022,
	title = {Diet and Risk of Non-Alcoholic Fatty Liver Disease, Cirrhosis, and Liver Cancer: A Large Prospective Cohort Study in UK Biobank},
	author = {{Guo}, {Wen} and {Ge}, {Xinyuan} and {Lu}, {Jing} and {Xu}, {Xin} and {Gao}, {Jiaxin} and {Wang}, {Quanrongzi} and {Song}, {Ci} and {Zhang}, {Qun} and {Yu}, {Chengxiao}},
	year = {2022},
	month = {12},
	date = {2022-12-15},
	journal = {Nutrients},
	pages = {5335},
	volume = {14},
	number = {24},
	doi = {10.3390/nu14245335},
	url = {http://dx.doi.org/10.3390/nu14245335},
	langid = {en}
}

@article{Bhurwal2020,
	title = {Inverse Association of Coffee with Liver Cancer Development: An Updated Systematic Review and Meta-analysis},
	author = {{Bhurwal}, {Abhishek} and {Ratta}, {Puru} and {Yoshitake}, {Sho} and {Pioppo}, {Lauren} and {Reja}, {Debashish} and {Dellatore}, {Peter} and {Rustgi}, {Vinod}},
	year = {2020},
	month = {08},
	date = {2020-08-19},
	journal = {Journal of Gastrointestinal and Liver Diseases},
	doi = {10.15403/jgld-805},
	url = {http://dx.doi.org/10.15403/jgld-805}
}

@article{Yu2022,
	title = {Meat Intake and the Risk of Hepatocellular Carcinoma: A Meta-Analysis of Observational Studies},
	author = {Yu, Jinchuan and Liu, Zhengxiang and Liang, Di and Li, Jiujiu and Ma, Shaodi and Wang, Guangjun and Chen, Wenjun},
	year = {2022},
	month = {05},
	date = {2022-05-18},
	journal = {Nutrition and Cancer},
	pages = {3340--3350},
	volume = {74},
	number = {9},
	doi = {10.1080/01635581.2022.2077386},
	url = {http://dx.doi.org/10.1080/01635581.2022.2077386},
	langid = {en}
}

@article{Zhang2023,
	title = {Protein foods from animal sources and risk of nonalcoholic fatty liver disease in representative cohorts from North and South China},
	author = {Zhang, Shunming and Yan, Yan and Meng, Ge and Zhang, Qing and Liu, Li and Wu, Hongmei and Gu, Yeqing and Wang, Xuena and Zhang, Juanjuan and Sun, Shaomei and Wang, Xing and Zhou, Ming and Jia, Qiyu and Song, Kun and {Borné}, Yan and Qi, Lu and Chen, {Yu{-}Ming} and Niu, Kaijun},
	year = {2022},
	month = {11},
	date = {2022-11-26},
	journal = {Journal of Internal Medicine},
	pages = {340--353},
	volume = {293},
	number = {3},
	doi = {10.1111/joim.13586},
	langid = {en}
}

@article{Ma2019,
	title = {Meat intake and risk of hepatocellular carcinoma in two large US prospective cohorts of women and men},
	author = {Ma, Yanan and Yang, Wanshui and Li, Tricia and Liu, Yue and Simon, Tracey G and Sui, Jing and Wu, Kana and Giovannucci, Edward L and Chan, Andrew T and Zhang, Xuehong},
	year = {2019},
	month = {07},
	date = {2019-07-13},
	journal = {International Journal of Epidemiology},
	pages = {1863--1871},
	volume = {48},
	number = {6},
	doi = {10.1093/ije/dyz146},
	url = {http://dx.doi.org/10.1093/ije/dyz146},
	langid = {en}
}

@article{Bouvard2015,
	title = {Carcinogenicity of consumption of red and processed meat},
	author = {{Bouvard}, {Véronique} and {Loomis}, {Dana} and {Guyton}, {Kathryn Z} and {Grosse}, {Yann} and {Ghissassi}, {Fatiha El} and {Benbrahim-Tallaa}, {Lamia} and {Guha}, {Neela} and {Mattock}, {Heidi} and {Straif}, {Kurt}},
	year = {2015},
	month = {12},
	date = {2015-12},
	journal = {The Lancet Oncology},
	pages = {1599--1600},
	volume = {16},
	number = {16},
	doi = {10.1016/s1470-2045(15)00444-1},
	url = {http://dx.doi.org/10.1016/S1470-2045(15)00444-1},
	langid = {en}
}

@article{Jeney2002,
	title = {Pro-oxidant and cytotoxic effects of circulating heme},
	author = {{Jeney}, {Vikto\'ria} and {Balla}, {Jo\'zsef} and {Yachie}, {Akihiro} and {Varga}, {Zsuzsa} and {Vercellotti}, {Gregory M.} and {Eaton}, {John W.} and {Balla}, {Gyo\"rgy}},
	year = {2002},
	month = {08},
	date = {2002-08-01},
	journal = {Blood},
	pages = {879--887},
	volume = {100},
	number = {3},
	doi = {10.1182/blood.v100.3.879},
	url = {http://dx.doi.org/10.1182/blood.v100.3.879},
	langid = {en}
}

@article{Li2022,
	title = {Metabolic Activation and DNA Interactions of Carcinogenic N-Nitrosamines to Which Humans Are Commonly Exposed},
	author = {{Li}, {Yupeng} and {Hecht}, {Stephen S.}},
	year = {2022},
	month = {04},
	date = {2022-04-20},
	journal = {International Journal of Molecular Sciences},
	pages = {4559},
	volume = {23},
	number = {9},
	doi = {10.3390/ijms23094559},
	url = {http://dx.doi.org/10.3390/ijms23094559},
	langid = {en}
}

@article{Seyyedsalehi2023,
	title = {Association of Dietary Nitrate, Nitrite, and N-Nitroso Compounds Intake and Gastrointestinal Cancers: A Systematic Review and Meta-Analysis},
	author = {{Seyyedsalehi}, {Monireh Sadat} and {Mohebbi}, {Elham} and {Tourang}, {Fatemeh} and {Sasanfar}, {Bahareh} and {Boffetta}, {Paolo} and {Zendehdel}, {Kazem}},
	year = {2023},
	month = {02},
	date = {2023-02-17},
	journal = {Toxics},
	pages = {190},
	volume = {11},
	number = {2},
	doi = {10.3390/toxics11020190},
	url = {http://dx.doi.org/10.3390/toxics11020190},
	langid = {en}
}

@article{Felton1997,
	title = {Health risks of heterocyclic amines},
	author = {{Felton}, {James S} and {Malfatti}, {Michael A} and {Knize}, {Mark G} and {Salmon}, {Cynthia P} and {Hopmans}, {Ellen C} and {Wu}, {Rebekah W}},
	year = {1997},
	month = {05},
	date = {1997-05},
	journal = {Mutation Research/Fundamental and Molecular Mechanisms of Mutagenesis},
	pages = {37--41},
	volume = {376},
	number = {1-2},
	doi = {10.1016/s0027-5107(97)00023-7},
	url = {http://dx.doi.org/10.1016/s0027-5107(97)00023-7},
	langid = {en}
}

@article{Dahm2024,
	title = {Role of dietary fibres in cardiometabolic diseases},
	author = {{Dahm}, {Christina C.} and {Langmann}, {Fie} and {Nannsen}, {Anne Østergaard} and {Ibsen}, {Daniel B.}},
	year = {2024},
	month = {05},
	date = {2024-05-16},
	journal = {Current Opinion in Clinical Nutrition and Metabolic Care},
	pages = {355--360},
	volume = {27},
	number = {4},
	doi = {10.1097/mco.0000000000001047},
	url = {http://dx.doi.org/10.1097/MCO.0000000000001047},
	langid = {en}
}

@article{Hu2023,
	title = {Use of Dietary Fibers in Reducing the Risk of Several Cancer Types: An Umbrella Review},
	author = {{Hu}, {Jun} and {Wang}, {Junjing} and {Li}, {Yuxing} and {Xue}, {Kun} and {Kan}, {Juntao}},
	year = {2023},
	month = {05},
	date = {2023-05-30},
	journal = {Nutrients},
	pages = {2545},
	volume = {15},
	number = {11},
	doi = {10.3390/nu15112545},
	url = {http://dx.doi.org/10.3390/nu15112545},
	langid = {en}
}
