
@article{Rusk2018,
	title = {The UK Biobank},
	author = {Rusk, Nicole},
	year = {2018},
	month = {11},
	date = {2018-11-30},
	journal = {Nature Methods},
	pages = {1001--1001},
	volume = {15},
	number = {12},
	doi = {10.1038/s41592-018-0245-2},
	url = {http://dx.doi.org/10.1038/s41592-018-0245-2},
	langid = {en}
}

@article{liu2023a,
	title = {Associations between food groups and liver cancer: a systematic review and meta-analysis of observational studies},
	author = {Liu, Ke and Chen, Weiwei and Zhou, Yi and Xu, Liuhong and Sun, Xiaohui and Mao, Yingying and Ye, Ding},
	year = {2023},
	month = {06},
	date = {2023-06-22},
	journal = {Nutrition Journal},
	volume = {22},
	number = {1},
	doi = {10.1186/s12937-023-00858-5},
	url = {http://dx.doi.org/10.1186/s12937-023-00858-5},
	langid = {en}
}

@article{sudlow2015,
	title = {UK Biobank: An Open Access Resource for Identifying the Causes of a Wide Range of Complex Diseases of Middle and Old Age},
	author = {Sudlow, Cathie and Gallacher, John and Allen, Naomi and Beral, Valerie and Burton, Paul and Danesh, John and Downey, Paul and Elliott, Paul and Green, Jane and Landray, Martin and Liu, Bette and Matthews, Paul and Ong, Giok and Pell, Jill and Silman, Alan and Young, Alan and Sprosen, Tim and Peakman, Tim and Collins, Rory},
	year = {2015},
	month = {03},
	date = {2015-03-31},
	journal = {PLOS Medicine},
	pages = {e1001779},
	volume = {12},
	number = {3},
	doi = {10.1371/journal.pmed.1001779},
	url = {http://dx.doi.org/10.1371/journal.pmed.1001779},
	langid = {en}
}

@article{piernas2021,
	title = {Describing a new food group classification system for UK biobank: analysis of food groups and sources of macro- and micronutrients in 208,200 participants},
	author = {Piernas, Carmen and Perez-Cornago, Aurora and Gao, Min and Young, Heather and Pollard, Zoe and Mulligan, Angela and Lentjes, Marleen and Carter, Jennifer and Bradbury, Kathryn and Key, Tim J. and Jebb, Susan A.},
	year = {2021},
	month = {03},
	date = {2021-03-25},
	journal = {European Journal of Nutrition},
	pages = {2879--2890},
	volume = {60},
	number = {5},
	doi = {10.1007/s00394-021-02535-x},
	url = {http://dx.doi.org/10.1007/s00394-021-02535-x},
	langid = {en}
}

@article{Liu2011,
	title = {Development and evaluation of the Oxford WebQ, a low-cost, web-based method for assessment of previous 24 h dietary intakes in large-scale prospective studies},
	author = {Liu, Bette and Young, Heather and Crowe, Francesca L and Benson, Victoria S and Spencer, Elizabeth A and Key, Timothy J and Appleby, Paul N and Beral, Valerie},
	year = {2011},
	month = {06},
	date = {2011-06-01},
	journal = {Public Health Nutrition},
	pages = {1998--2005},
	volume = {14},
	number = {11},
	doi = {10.1017/s1368980011000942},
	url = {http://dx.doi.org/10.1017/S1368980011000942},
	langid = {en}
}

@article{Greenwood2019,
	title = {Validation of the Oxford WebQ Online 24-Hour Dietary Questionnaire Using Biomarkers},
	author = {Greenwood, Darren C and Hardie, Laura J and Frost, Gary S and Alwan, Nisreen A and Bradbury, Kathryn E and Carter, Michelle and Elliott, Paul and Evans, Charlotte E L and Ford, Heather E and Hancock, Neil and Key, Timothy J and Liu, Bette and Morris, Michelle A and Mulla, Umme Z and Petropoulou, Katerina and Potter, Gregory D M and Riboli, Elio and Young, Heather and Wark, Petra A and Cade, Janet E},
	year = {2019},
	month = {07},
	date = {2019-07-18},
	journal = {American Journal of Epidemiology},
	pages = {1858--1867},
	volume = {188},
	number = {10},
	doi = {10.1093/aje/kwz165},
	url = {http://dx.doi.org/10.1093/aje/kwz165},
	langid = {en}
}

@article{Ibsen2021,
	title = {Food substitution models for nutritional epidemiology},
	author = {Ibsen, Daniel B and Laursen, Anne Sofie D and {Würtz}, Anne Mette L and Dahm, Christina C and Rimm, Eric B and Parner, Erik T and Overvad, Kim and Jakobsen, Marianne U},
	year = {2021},
	month = {02},
	date = {2021-02},
	journal = {The American Journal of Clinical Nutrition},
	pages = {294--303},
	volume = {113},
	number = {2},
	doi = {10.1093/ajcn/nqaa315},
	url = {http://dx.doi.org/10.1093/ajcn/nqaa315},
	langid = {en}
}

@article{Thompson2023,
	title = {Association of Healthful Plant-based Diet Adherence With Risk of Mortality and Major Chronic Diseases Among Adults in the UK},
	author = {Thompson, Alysha S. and Tresserra-Rimbau, Anna and Karavasiloglou, Nena and Jennings, Amy and Cantwell, Marie and Hill, Claire and Perez-Cornago, Aurora and Bondonno, Nicola P. and Murphy, Neil and Rohrmann, Sabine and Cassidy, {Aedín} and {Kühn}, Tilman},
	year = {2023},
	month = {03},
	date = {2023-03-28},
	journal = {JAMA Network Open},
	pages = {e234714},
	volume = {6},
	number = {3},
	doi = {10.1001/jamanetworkopen.2023.4714},
	url = {http://dx.doi.org/10.1001/jamanetworkopen.2023.4714},
	langid = {en}
}

@article{Heianza2021,
	title = {Healthful plant-based dietary patterns, genetic risk of obesity, and cardiovascular risk in the UK biobank study},
	author = {Heianza, Yoriko and Zhou, Tao and Sun, Dianjianyi and Hu, Frank B. and Qi, Lu},
	year = {2021},
	month = {07},
	date = {2021-07},
	journal = {Clinical Nutrition},
	pages = {4694--4701},
	volume = {40},
	number = {7},
	doi = {10.1016/j.clnu.2021.06.018},
	url = {http://dx.doi.org/10.1016/j.clnu.2021.06.018},
	langid = {en}
}

@article{Satija2017,
	title = {Healthful and Unhealthful Plant-Based Diets and the Risk of Coronary Heart Disease in U.S. Adults},
	author = {Satija, Ambika and Bhupathiraju, Shilpa N. and Spiegelman, Donna and Chiuve, Stephanie E. and Manson, JoAnn E. and Willett, Walter and Rexrode, Kathryn M. and Rimm, Eric B. and Hu, Frank B.},
	year = {2017},
	month = {07},
	date = {2017-07},
	journal = {Journal of the American College of Cardiology},
	pages = {411--422},
	volume = {70},
	number = {4},
	doi = {10.1016/j.jacc.2017.05.047},
	url = {http://dx.doi.org/10.1016/j.jacc.2017.05.047},
	langid = {en}
}

@article{Satija2016,
	title = {Plant-Based Dietary Patterns and Incidence of Type 2 Diabetes in US Men and Women: Results from Three Prospective Cohort Studies},
	author = {Satija, Ambika and Bhupathiraju, Shilpa N. and Rimm, Eric B. and Spiegelman, Donna and Chiuve, Stephanie E. and Borgi, Lea and Willett, Walter C. and Manson, JoAnn E. and Sun, Qi and Hu, Frank B.},
	editor = {Moore, Steven C},
	year = {2016},
	month = {06},
	date = {2016-06-14},
	journal = {PLOS Medicine},
	pages = {e1002039},
	volume = {13},
	number = {6},
	doi = {10.1371/journal.pmed.1002039},
	url = {http://dx.doi.org/10.1371/journal.pmed.1002039},
	langid = {en}
}

@inbook{gurinovic2017,
	title = {Nutritional Assessment},
	author = {{Gurinovi{\'{c}}}, Mirjana and {Zekovi{\'{c}}}, Milica and {Mile{\v{s}}evi{\'{c}}}, Jelena and {Nikoli{\'{c}}}, Marina and {Glibeti{\'{c}}}, Maria},
	year = {2017},
	date = {2017},
	publisher = {Elsevier},
	doi = {10.1016/b978-0-08-100596-5.21180-3},
	url = {http://dx.doi.org/10.1016/B978-0-08-100596-5.21180-3}
}

@inbook{thompson2013,
	title = {Dietary Assessment Methodology},
	author = {Thompson, Frances E. and Subar, Amy F.},
	year = {2013},
	date = {2013},
	publisher = {Elsevier},
	pages = {5--46},
	doi = {10.1016/b978-0-12-391884-0.00001-9},
	url = {http://dx.doi.org/10.1016/B978-0-12-391884-0.00001-9}
}

@misc{RN113,
   author = {UK Biobank},
   title = {Order of Data Collection},
   publisher = {UK Biobank},
   volume = {2024},
   number = {May 21},
   url = {https://biobank.ndph.ox.ac.uk/ukb/ukb/docs/Orderofdatacollection.pdf},
   year = {2011},
   type = {Web Page}
}

@misc{RN114,
   author = {UK Biobank},
   title = {Data providers and dates of data availability},
   publisher = {UK Biobank},
   volume = {2024},
   number = {May 21},
   url = {https://biobank.ndph.ox.ac.uk/ukb/exinfo.cgi?src=Data_providers_and_dates},
   year = {2023},
   type = {Web Page}
}

@misc{RN115,
   author = {UK Biobank},
   title = {24-hour dietary recall questionnaire (Oxford WebQ)},
   publisher = {UK Biobank},
   volume = {2024},
   number = {May 21},
   url = {https://biobank.ndph.ox.ac.uk/showcase/ukb/docs/DietWebQ.pdf},
   year = {2024},
   type = {Web Page}
}

@misc{RN112,
   author = {UK Biobank},
   title = {Health Outcomes Overview},
   publisher = {UK Biobank},
   volume = {2024},
   number = {May 21},
   url = {https://biobank.ndph.ox.ac.uk/showcase/ukb/docs/HealthOutcomesOverview.pdf},
   year = {2024},
   type = {Web Page}
}
